@FOOTNOTE{Note1,key="Note1",note="The entire Eigen package is contained within a subdirectory of the code"}
@CONTROL{REVTEX41Control}
@CONTROL{apsrev41Control,author="08",editor="1",pages="0",title="",year="1"}
